@inproceedings{autodoc,
 author = {Buse, Raymond P.L. and Weimer, Westley R.},
 title = {{Automatic Documentation Inference for Exceptions}},
 booktitle = {{ISSTA '08: Proceedings of the 2008 International Symposium on Software Testing and Analysis}},
 year = {2008},
 pages = {273--282},
 address = {Seattle, WA, USA},
 month = {July}
}
